2580 5400
91 622 278 701 ¹aaa>
375 620 1038 697 trummacum-to..
1140 626 1208 699 aaa

126 810 424 879 hnaeuSerenua
438 808 629 878 simulatione
641 811 753 879 omorio
765 810 910 881 alumna
926 812 1055 885 mutu
1065 802 1207 887 b'barteat

82 970 85 983 ,
127 911 242 1003 prirnaa
255 912 456 980 adulescentia
472 912 628 1001 cupidinea
639 915 813 1000 velaverat,
833 917 1073 1005 praebueratque
1083 940 1205 1006 maron,

128 1029 165 1087 art
175 1038 255 1103 quae
268 1014 406 1104 princepe
419 1016 522 1082 furtim
536 1016 731 1084 mulierculae
743 1019 910 1102 tribuebat,
928 1018 984 1085 ille
997 1022 1097 1107 palam
1110 1021 1207 1109 largi·

126 1132 222 1186 retur.
264 1131 327 1184 tum
347 1117 519 1207 Agrippina
542 1119 640 1185 vareia
666 1119 780 1187 artibua
809 1144 865 1208 per
892 1122 1096 1189 blandimenta
1115 1123 1208 1191 iuve-

105 1242 200 1289 tnen
219 1221 360 1309 aggredi,
383 1246 470 1287 auum
490 1221 590 1308 potiue
611 1221 780 1289 cubiculum
800 1244 837 1289 ec
856 1223 957 1290 einum
976 1224 1083 1291 ollerre
1101 1240 1207 1293 coute-

126 1322 239 1413 ssentlia
258 1346 336 1409 quae
357 1322 454 1411 prima
474 1339 558 1389 aetas
579 1338 610 1390 et
629 1347 746 1391 eumma
765 1325 887 1393 lortuna
904 1340 1090 1414 expeterent.
1133 1328 1208 1415 quin
1219 1372 1239 1401 .·

75 1430 78 1435 ’
125 1440 160 1493 et
187 1424 338 1492 fatebatur
370 1425 610 1513 intempeetivam
642 1426 853 1512 aeremtatem,
891 1441 923 1493 et
949 1452 1072 1495 auarum
1102 1453 1206 1521 opum,

126 1550 210 1615 quae
228 1528 311 1595 bautl
330 1528 440 1617 procul·
460 1528 660 1617 imperatoriia
688 1530 832 1613 aberent,
860 1528 963 1619 copiae
988 1531 1142 1617 madebat,
1170 1546 1207 1601 ttt

126 1628 225 1699 nimia
242 1655 339 1722 nuper
365 1631 529 1699 coercendo
556 1631 638 1716 lilio,
672 1631 718 1699 ita
745 1655 864 1699 ruraum
889 1631 1122 1723 intemperanter
1148 1634 1207 1703 tlo-

90 1732 232 1802 tcniaaa.
272 1757 352 1821 quae
381 1732 506 1801 mutatio
539 1758 638 1820 neque
667 1738 818 1801 Neronem
847 1734 958 1803 fefellit
965 1782 978 1821 ,
1014 1751 1046 1805 et
1072 1735 1205 1826 morini
1233 1802 1237 1809 .

125 1835 289 1907 micorum
320 1837 511 1921 metuebant,
545 1837 731 1923 orabantque
766 1858 875 1905 cerere
910 1836 1037 1907 inuidiae
1068 1839 1204 1907 mulierie

123 1960 247 2029 canpe
264 1940 390 2023 abacia,
419 1954 484 2005 turn
504 1953 536 2005 et
554 1940 663 2005 fabae.
706 1939 787 2005 forto
807 1939 868 2007 illie
888 1940 996 2009 ibim
1018 1944 1133 2010 (lectar
1152 1941 1205 2009 in·

123 2054 230 2131 apecto
266 2040 372 2109 cibatu
397 2065 456 2127 quo
482 2040 650 2130 principum
676 2041 819 2129 coniuges
850 2064 887 2109 ec
911 2056 1052 2132 parentes
1078 2044 1204 2111 effulse-

123 2158 211 2228 rant,
233 2142 340 2230 deligit
359 2159 474 2210 reatem
497 2160 528 2210 et
548 2166 693 2232 gemmea,
714 2142 855 2231 mieitquo
875 2144 985 2229 donam
1001 2145 1101 2229 auaui,
1118 2147 1205 2217 nullo

90 2244 326 2337 toparcimouia,
362 2270 429 2312 cum
456 2246 617 2335 praecipua
645 2260 675 2312 et
706 2246 806 2335 cupita
840 2247 910 2314 aliie
942 2246 1025 2337 prior
1060 2248 1202 2316 tlelerret.

125 2348 182 2415 aotl
203 2347 372 2437 Agrippina
393 2374 454 2414 non
475 2348 522 2415 ltia
543 2348 650 2414 instrui
671 2348 768 2415 cultus
788 2373 876 2435 auce,
904 2352 960 2418 eetl
980 2352 1086 2417 ceteris
1107 2352 1204 2419 arceri

125 2450 304 2541 proclamat,
342 2466 372 2518 et
401 2452 536 2517 dividere
564 2451 660 2516 lilium
687 2473 765 2536 quae
793 2466 899 2518 cuncta
921 2475 960 2517 ex
980 2452 1048 2541 ipsa
1066 2455 1203 2522 haberet.

73 2542 182 2621 “nec
203 2553 327 2619 deluere
356 2556 408 2640 qui
435 2555 468 2620 in
495 2554 626 2619 deterius
653 2554 811 2619 referrent.
855 2566 886 2618 et
907 2557 988 2620 Nero
1008 2554 1144 2621 inlenaua
1161 2556 1204 2623 iia

125 2656 240 2745 quibua
267 2656 408 2745 superbia
435 2656 588 2722 muliebris
621 2654 821 2739 innitebatur,
858 2654 998 2721 demovet
1035 2657 1203 2723 Pallantem

90 2778 198 2826 accura
221 2784 321 2825 rerum
351 2758 418 2848 quis
447 2782 466 2825 a
494 2758 622 2827 Claudio
649 2756 806 2847 impositus
831 2757 918 2823 velut
946 2755 1091 2823 arbitrum
1116 2756 1204 2845 regni

123 2968 218 3019 hamt.
251 2983 277 3017 a.
293 2984 367 3031 rupea
384 2984 408 3018 c.
427 2971 451 3016 l.
485 2984 549 3017 nunc
562 2967 648 3016 aelle·
681 2982 739 3031 eepr
755 2966 923 3030 largiebatur,
952 2967 1006 3031 t'pm
1021 2966 1103 3030 palam
1120 2966 1205 3016 alebat.

123 3050 204 3087 nacae
219 3038 349 3099 permittit,
365 3049 391 3084 ut
411 3038 456 3087 ille
473 3038 648 3097 rempublicam
681 3036 833 3085 contusionis
864 3038 935 3084 buiua
967 3047 994 3085 et
1017 3038 1066 3085 ulia
1090 3040 1205 3098 exempla

124 3107 451 3166 moretecqueadluvoret
462 3106 575 3157 ccmrllic.
589 3120 648 3168 cpe·
680 3114 753 3163 nunt,
771 3105 844 3153 etiam
861 3121 935 3167 aupra
957 3115 1063 3153 notatae·
1097 3106 1169 3153 Ean.

123 3188 168 3223 rna
193 3174 234 3222 illi
260 3175 362 3237 obsequi
377 3174 460 3238 potine
477 3175 561 3237 coepit
577 3189 649 3236 quarn
716 3174 743 3221 6.
753 3170 882 3237 fortuna]
916 3175 962 3222 boc
994 3190 1023 3221 ae
1046 3177 1106 3223 tlara
1129 3174 1207 3222 iactat
1257 3184 1265 3209 ⁸

122 3241 208 3291 matri.
241 3243 313 3290 Era.
681 3242 816 3290 Rhenanus
837 3240 923 3304 (eli).
969 3251 994 3289 at
1013 3241 1091 3291 itaet
1107 3244 1158 3291 edd
1175 3256 1206 3303 pr

161 3314 186 3360 1.
204 3313 327 3359 Annam
340 3307 457 3373 Set-ettae]
483 3311 526 3372 qni
551 3310 649 3373 praele·
683 3320 708 3359 et
732 3310 872 3358 Puteolani.
906 3310 934 3358 in
950 3313 982 3359 eu
999 3311 1118 3359 Beroaldi
1141 3310 1206 3358 irre·

105 3386 179 3430 *em
192 3379 295 3441 vigilum
307 3379 424 3429 Neronis.
438 3379 534 3428 Plinius
547 3381 580 3427 22
597 3378 648 3428 tr:
682 3387 766 3440 poterat
784 3379 844 3427 vitio
861 3392 991 3439 operarum
1001 3378 1108 3441 sermo,
1138 3380 1205 3442 quod

78 3464 96 3511 ,·
115 3446 207 3513 fingi
220 3447 341 3513 semeliae
363 3463 443 3511 nuper
462 3448 608 3497 interemere
624 3454 650 3494 et
682 3456 794 3495 wrvarat
816 3447 953 3496 frobenius
977 3464 999 3497 a.
1016 3448 1144 3510 Alciatua,
1179 3456 1206 3494 nt

110 3522 182 3567 --Νσ
207 3516 337 3577 conuiuia,
369 3519 504 3565 Annaeum
533 3520 650 3564 &recum
683 3526 776 3565 cetere.
810 3529 866 3562 nam
885 3515 997 3577 fortuna
1014 3525 1040 3563 et
1056 3518 1148 3577 forato
1167 3525 1205 3565 et-

93 3612 105 3621 ··
202 3593 281 3633 mam
304 3584 411 3635 Nema
434 3584 536 3646 arpalum
561 3592 585 3631 et
601 3582 650 3632 tri·
682 3582 733 3631 iem
755 3583 782 3631 in
805 3583 905 3644 ncriptle
929 3593 1107 3646 permutantur.
1132 3586 1204 3633 Erro.

99 3674 105 3693 .-
219 3660 244 3700 et
265 3653 426 3701 centuriones.
456 3668 520 3719 puae
537 3653 650 3715 uoluptas
683 3666 743 3701 mcx
760 3651 806 3699 Ma
824 3652 1018 3716 iotmpeotutem
1038 3653 1204 3703 seueritatem.

73 3716 201 3781 ''a-,tntu
218 3722 336 3784 ampitio
353 3721 425 3771 cabi?
456 3722 488 3770 tle
504 3722 552 3769 boc
569 3720 649 3769 amico
681 3716 796 3770 *tacente
814 3716 888 3769 Vct*

87 3800 106 3837 a
119 3802 170 3841 m
187 3791 323 3853 capiendae
340 3791 435 3839 Seneca
451 3803 493 3852 ep.
510 3792 560 3839 tib:
586 3788 650 3837 boec
717 3786 1206 3845 11.eooere]otcetttamottottui·

103 3856 175 3909 Ui
195 3858 290 3920 acribo,
316 3858 339 3906 ἐς
362 3858 408 3925 poti
423 3860 557 3907 Annaeum
577 3860 650 3904 Sere-
682 3857 763 3905 ebena
779 3872 824 3919 pro
837 3861 938 3919 uulgato
949 3857 1040 3919 mucra}
1058 3868 1135 3907 recte.
1152 3874 1206 3906 ma·

120 3941 183 3975 m
205 3927 360 3975 emtionem
375 3926 439 3975 nult
455 3934 508 3975 totta
523 3925 649 3973 immodice
682 3927 751 3974 lebat
777 3927 845 3975 idem
871 3934 969 3974 caueret
996 3941 1050 3975 curn
1074 3927 1206 3985 llbcnttuc,

113 3992 198 4061 M,
213 4002 259 4055 at,
279 3994 346 4063 quood
358 3995 457 4043 minoe
472 3995 560 4051 anetam,
584 3995 649 4042 inter
682 3995 784 4043 lruetra.
819 4009 844 4043 r.
862 3997 894 4041 ad
920 3997 950 4041 ll
976 3997 1002 4042 1.
1028 4010 1116 4042 cocere
1132 3996 1206 4045 etiam

121 4064 239 4128 exemplo
255 4064 301 4113 eim
318 4080 400 4113 eoam
416 4079 477 4129 paco
494 4062 564 4111 dolor
579 4064 647 4112 uicit.
682 4065 714 4113 etl
738 4079 769 4125 pr
794 4069 820 4111 et
844 4062 899 4111 Bc.
934 4076 994 4111 mox
1017 4062 1113 4112 donam
1129 4062 1209 4111 matra*

120 4141 150 4183 et
173 4131 300 4195 inscripsit
325 4132 407 4183 eidem
430 4132 508 4181 tihooo
533 4146 590 4179 auca
616 4134 648 4180 de
682 4134 733 4180 edd
749 4139 848 4180 vetarer
865 4146 943 4193 utque
960 4133 992 4178 ad
1010 4133 1161 4195 mennam,
1180 4140 1208 4182 et

121 4201 332 4263 warminiam,
351 4206 531 4250 mouumentum
548 4200 647 4249 ameria
682 4203 715 4250 G.
734 4201 804 4248 Ena.
838 4199 975 4249 Edonum.

121 4270 198 4319 Lara.
232 4285 291 4319 mox
307 4270 430 4318 “lauerat
449 4272 481 4317 eo
498 4286 543 4332 pr,
569 4278 595 4317 et
611 4270 648 4317 aio
718 4272 760 4317 19.
776 4268 895 4331 nepertia
918 4266 1055 4333 muliebria]
1081 4267 1206 4319 cetarii

122 4349 271 4389 correxerat
294 4354 379 4387 menne
404 4340 477 4387 ‹locta
494 4339 520 4385 iu
539 4338 649 4400 margine
682 4340 748 4400 apud
782 4337 924 4387 Broterium
949 4338 1054 4400 seroct'u
1085 4338 1206 4399 multbrt'a,

123 4408 296 4471 orypblaoae.
331 4409 438 4457 fortasse
466 4421 560 4455 rerum.
602 4408 648 4454 aetl
681 4409 791 4454 lortaeee
815 4407 912 4454 melina.
954 4407 1061 4457 libenter
1084 4408 1150 4458 onim
1174 4421 1207 4456 ee

121 4488 206 4527 mett
222 4486 249 4525 et
269 4478 288 4525 6
309 4478 342 4525 29
368 4474 467 4538 culpant
489 4475 584 4524 inuidia
609 4492 649 4525 uc·
682 4477 759 4524 aerbo
777 4473 853 4523 utitur
870 4474 990 4535 Tacitus,
1019 4486 1047 4524 ut
1063 4478 1095 4527 tle
1112 4476 1208 4540 Agrip·

121 4544 200 4602 lana
216 4546 292 4608 idque
309 4546 335 4591 b.
352 4549 371 4594 l.
393 4544 490 4593 meliore.
525 4545 597 4592 Ena.
682 4546 740 4606 pina
759 4542 908 4591 Germanici.
929 4544 1000 4594 Ena.

156 4616 184 4665 ³.
207 4612 271 4677 itte]
294 4613 350 4663 aine
374 4611 450 4660 dnbio
478 4614 649 4676 corrigendum
716 4613 761 4661 20.
774 4610 1208 4677 mrumsmlamtiooiuosctoo.

121 4682 185 4747 opu,
204 4683 263 4747 qnia
280 4683 415 4747 apponitur
427 4680 547 4747 paricipi.
576 4680 649 4747 prtia·
683 4679 720 4727 tlii
740 4680 786 4729 luit
800 4696 834 4731 ex
851 4680 923 4745 Soet.
939 4680 990 4743 28,
1019 4694 1045 4731 et
1060 4682 1161 4745 lapide,
1179 4680 1206 4728 ie
1282 4726 1286 4735 ,
