2580 5400
116 732 264 803 ΗΜ)
348 727 594 799 Ltss.xv1.
634 726 716 797 M
734 728 772 797 l‘.
790 725 945 799 22-20.
1113 726 1190 795 7117

116 922 216 991 scelus
237 921 460 1003 obscuraretur,
488 936 528 985 an
548 930 588 991 ut,
601 914 838 1005 magnitudinem
856 914 1076 1005 imperatoriam
1096 916 1190 985 caede

67 1023 280 1112 idinsignium
306 1024 440 1091 rherum
467 1019 555 1107 quasi
584 1019 670 1108 regio
705 1018 838 1087 laduere
873 1034 1046 1087 ostentaret.
1098 1019 1191 1109 igitur

117 1128 200 1195 omni
225 1126 346 1194 civitate
373 1126 415 1191 ad
442 1121 651 1212 excipiendum
678 1122 844 1211 principem
867 1122 1119 1211 spectandumque
1137 1146 1192 1191 re·

117 1255 188 1317 gem
208 1232 321 1311 ellusa,
343 1228 478 1295 Thrasea
499 1249 622 1294 assumti
641 1225 809 1315 prohibitus
827 1248 889 1293 uon
909 1223 1028 1291 demisit
1047 1224 1190 1311 minim,

96 1334 174 1399 used
201 1332 355 1398 codicillos
379 1331 420 1395 ad
444 1334 595 1397 Neronem
620 1328 804 1418 composuit,
823 1327 989 1413 requirens
1016 1326 1133 1393 obiecta
1158 1340 1192 1396 et

118 1450 353 1524 expurgaturum
372 1454 560 1517 asseverans,
584 1430 767 1499 s'inotitiarn
788 1431 943 1503 criminum
964 1444 995 1496 et
1011 1428 1128 1519 cupium
1143 1427 1194 1495 di-

117 1537 222 1603 luendi
241 1536 407 1603 habuisset.
449 1558 501 1603 eos
522 1534 674 1603 codicillos
688 1538 770 1601 Nero
785 1548 978 1623 properanter
990 1532 1117 1621 acsaph,
1137 1554 1193 1621 spe

119 1638 294 1705 exterritum
323 1639 488 1705 Thraseam
507 1638 663 1727 scripsisse
688 1660 743 1725 per
771 1658 849 1723 quae
874 1634 1081 1705 claritudinem
1106 1634 1194 1725 prim

118 1740 194 1829 cipis
214 1742 373 1807 extolleret
393 1764 541 1826 sanansque¹
557 1742 668 1807 lanam
688 1739 908 1807 dehonestaret.
956 1740 1038 1825 quad
1058 1740 1112 1805 ubi
1131 1762 1194 1807 noa

85 1843 237 1927 mevenit,
258 1844 434 1928 voltumque
455 1858 485 1907 et
505 1841 627 1930 spiritus
648 1856 679 1909 et
699 1842 868 1917 hbertatem
887 1840 1015 1916 insontis
1036 1842 1114 1909 ultro
1134 1864 1195 1925 en-

67 1947 108 2012 25
118 1944 226 2027 tinradt,
248 1944 349 2010 vocari
370 1961 470 2033 patres
490 1945 585 2021 iubet,
626 1959 689 2009 tum
704 1944 839 2011 Tlrrasea
857 1944 934 2011 inter
949 1943 1103 2033 womarus
1119 1968 1194 2020 eon·

110 2047 257 2129 saltarit,
278 2060 443 2117 anmreun
464 2047 668 2115 defensionem
683 2070 728 2127 ¹an
748 2062 914 2134 sperneret.
930 2114 934 2122 ,
954 2046 1076 2113 diversa
1091 2046 1194 2115 censi·

117 2149 162 2215 lia
181 2150 390 2216 afferebantur.
433 2150 541 2236 quibus
561 2148 669 2225 intrari
687 2150 800 2215 cunam
820 2150 969 2237 placebat,
989 2174 1110 2219 securos
1125 2173 1195 2220 asae

109 2252 159 2317 de
180 2252 345 2319 constantia
365 2252 431 2319 eius
452 2252 611 2335 dixerunt3
636 2251 714 2319 nihil
739 2252 885 2319 dicturum
905 2253 1045 2339 nisique
1065 2252 1195 2339 gloriam

89 2368 259 2439 resugeret.
304 2378 414 2441 segnes
442 2369 472 2422 et
499 2354 628 2442 putidus
648 2354 795 2443 supremis
815 2356 879 2423 suis
899 2370 1045 2425 semetttm
1066 2355 1210 2428 cirum

120 2455 206 2523 dare.
247 2456 395 2545 aspiceret
415 2458 545 2545 populus
565 2456 664 2523 tirum
683 2457 772 2525 morti
791 2456 934 2541 abvium3
957 2458 1082 2547 audiret
1101 2480 1195 2529 m

120 2572 169 2625 tus
197 2582 289 2627 voces
316 2559 403 2645 quasi
431 2583 472 2625 ex
499 2558 601 2645 aliquo
628 2559 770 2643 nurnine,
799 2582 891 2648 supra
909 2560 1073 2631 humanust
1102 2582 1194 2649 posse

119 2661 188 2749 ipso
208 2662 350 2739 miraculo
372 2659 462 2728 etiarn
482 2666 633 2729 Neronem
652 2660 831 2750 pennaveri.
878 2661 927 2727 sin
948 2662 1117 2729 crudelitati
1141 2662 1195 2731 in·

120 2764 250 2848 sisteret,
272 2763 418 2851 distingui
438 2778 518 2831 certe
538 2764 619 2851 apud
640 2779 774 2853 posteros
794 2764 968 2833 memoriam
986 2764 1105 2833 honesti
1124 2765 1195 2833 exi·

67 2876 168 2944 26tus
190 2868 229 2933 ab
249 2866 373 2953 ignaria
394 2892 448 2955 per
468 2866 619 2933 silentium
639 2866 839 2955 pereuntium.
851 2930 869 2941 ..
881 2882 1003 2951 uonna,
1024 2866 1077 2953 qui
1097 2890 1216 2957 oppe-¹

119 2968 257 3037 ciendum
278 2969 380 3038 domui
401 2970 580 3051 censebant,
608 2970 649 3035 de
669 2970 737 3059 ipso
758 2968 892 3037 Thrasea
912 2970 1036 3055 eedem
1066 2971 1122 3039 sed
1141 2970 1194 3045 ln-

111 3070 221 3139 .dibria
247 3087 279 3139 et
305 3072 497 3140 contumelias
524 3072 696 3141 immineret
724 3073 913 3146 subtraheret
927 3095 1029 3168 ,aures
1048 3072 1193 3143 conviciis

156 3280 184 3332 1.
208 3298 308 3333 oseam
327 3280 488 3349 prohibitus]
512 3286 580 3349 quod
601 3284 641 3337 ai-
706 3287 733 3337 e.
750 3302 799 3355 quo
815 3284 889 3337 dubie
904 3301 953 3336 aura
968 3284 1035 3337 verrit
1050 3286 1104 3337 ila.

120 3366 195 3415 nuru
220 3352 317 3401 scilicet
341 3353 460 3415 principia
492 3353 640 3416 indignantis
707 3358 750 3405 ll.
767 3352 1035 3419 atn1sienttoala
1059 3366 1085 3405 et
1105 3356 1138 3407 ed
1149 3370 1190 3421 pr.

121 3430 147 3469 et
164 3434 179 3467 u
199 3434 228 3469 se
246 3432 320 3481 atque
336 3433 437 3483 aspectu
456 3436 502 3471 suo
523 3437 640 3485 spernen-
672 3432 771 3475 ceterae
794 3424 876 3475 wael.
916 3424 979 3479 illud
1003 3424 1097 3476 satus.
1130 3440 1192 3478 mex

120 3486 163 3537 tis.
198 3490 250 3536 tale
267 3490 421 3551 Vespasiano
436 3491 528 3539 iactura
549 3492 580 3539 ab
596 3506 640 3543 eu·
671 3506 724 3543 esar
737 3508 766 3541 aa
779 3495 882 3546 volabat
898 3493 1047 3544 omstodus.
1069 3494 1141 3543 Ean.

121 3558 178 3604 dem
199 3557 316 3617 Nerone,
349 3561 415 3619 apud
447 3559 591 3609 Suetonium
614 3560 639 3609 iu
708 3558 1191 3627 1⁵.aecretuasesissadure]bausnei

120 3624 201 3685 Vasp.
218 3624 252 3672 ta
267 3625 407 3688 prohibitae
422 3643 469 3675 uun
484 3627 640 3677 miudes-aio
671 3630 747 3691 libri,
772 3644 834 3693 prae
848 3634 916 3693 qued
933 3634 1010 3693 vulga
1026 3630 1101 3679 otissa
1118 3630 1191 3681 dure.

121 3691 192 3741 atocio
208 3692 255 3743 sed
268 3692 344 3741 crtum
355 3694 458 3757 publicu
477 3695 639 3746 aulutasrbtae.
671 3700 748 3747 Lara.
781 3698 818 3747 aie
838 3710 864 3750 et
886 3700 953 3748 ulla
969 3708 997 3749 at
1010 3700 1044 3747 ed
1060 3714 1099 3760 pr.
1117 3698 1189 3749 Elait-

120 3769 195 3822 atque
221 3769 249 3809 nt
273 3761 308 3809 ibi
323 3762 368 3811 ille
384 3762 535 3812 saluatione
552 3764 637 3828 proisi·
669 3766 694 3815 B
710 3774 829 3816 scemata
840 3768 917 3816 αιἰιπι
930 3766 1092 3817 desudare.

120 3828 202 3889 bitus,
219 3830 256 3878 sie
271 3829 318 3879 iste
335 3845 446 3881 occunn.
478 3834 553 3881 Lara.
706 3836 748 3883 17.
765 3832 903 3901 sums]
925 3836 962 3886 aie
986 3849 1072 3885 omues
1089 3844 1191 3898 praeter

154 3894 182 3947 8.
199 3894 311 3961 smine]
335 3900 455 3948 sententia
472 3915 566 3949 mamni
586 3916 638 3951 tna
670 3903 716 3951 lta
739 3913 765 3953 et
787 3904 821 3953 ed
843 3919 889 3966 pr,
913 3906 957 3953 ubi
981 3903 1103 3953 dmnea
1120 3904 1140 3953 l.
1163 3918 1189 3953 e·

119 3964 151 4015 lit
166 3966 310 4028 ambularet
327 3976 352 4014 et
369 3970 436 4030 quoti
452 3969 578 4031 praecidi,
594 3970 638 4021 lir-
670 3970 800 4033 lominus,
827 3974 894 4033 quod
918 3972 1024 4021 innuerat
1047 3982 1104 4034 post
1125 3972 1190 4021 aliua

119 4044 171 4083 ruat
195 4034 239 4081 Ma
264 4049 328 4081 uuus
353 4038 443 4085 codex.
469 4040 544 4089 Lars.
576 4038 638 4087 reri·
670 4040 801 4103 ltyckiua,
817 4042 955 4103 probatque
971 4055 1026 4090 caua
1039 4042 1189 4091 ltirouuria.

117 4102 197 4166 potsse
211 4101 321 4151 estune
338 4112 364 4151 et
380 4105 412 4153 ed
428 4120 466 4167 pr.
500 4108 547 4155 red
560 4106 638 4158 iidem
670 4118 729 4157 ante
752 4122 799 4169 pre
823 4124 855 4157 ex
878 4108 978 4175 aliquo,
1013 4110 1079 4171 quod
1110 4108 1191 4159 edidit

120 4171 198 4232 libri,
221 4172 285 4235 Ba,
327 4172 375 4221 edd
401 4174 534 4223 Puteolani
557 4175 638 4225 Bere·
670 4176 805 4225 nemus
826 4177 883 4226 ali
901 4186 989 4241 satque
1009 4187 1036 4227 et
1058 4176 1085 4226 iu
1102 4176 1147 4225 bl²
1163 4186 1191 4229 td

121 4238 174 4287 aldi
199 4240 275 4289 etiarn
300 4254 384 4303 coepe.
436 4242 566 4291 Rhenanus
583 4241 638 4291 cdi·
670 4246 703 4294 ed
719 4258 766 4307 pr,
792 4244 836 4293 alii
852 4247 944 4296 babeat
967 4260 999 4295 aar
1014 4245 1137 4312 muas,
1162 4253 1191 4295 at

121 4306 161 4354 dit
182 4320 235 4371 apa.
273 4308 377 4357 murdse
400 4310 512 4359 defendit
540 4312 637 4359 littra·
671 4314 709 4373 ss,
734 4314 886 4364 russonum
907 4315 1066 4377 Beroaldus
1100 4315 1190 4365 eodan

120 4374 208 4425 norim
230 4374 289 4439 (ep.
322 4380 364 4425 ud.
392 4378 498 4427 sumas.
522 4393 546 4427 a.
573 4376 638 4428 16³8
669 4380 832 4431 redialina.

120 4444 220 4506 ttripta,
238 4446 266 4493 iu
282 4446 370 4495 Banu.
390 4446 455 4497 colt.
474 4457 494 4495 t.
512 4449 529 4496 2
544 4462 562 4511 p
576 4448 637 4511 tta,
705 4448 747 4499 18.
763 4450 803 4499 aria
818 4448 966 4501 crudelitati
982 4450 1128 4513 ΝΜ]
1151 4451 1190 4501 aie

119 4510 228 4573 iterutprc
245 4513 342 4563 0ba.2
367 4512 425 4578 dp.
444 4514 522 4578 239),
538 4524 567 4563 nt
581 4532 637 4565 aaa·
671 4518 695 4565 t}
711 4528 737 4568 et
753 4520 803 4569 edd
819 4528 927 4569 retem.
959 4520 1091 4570 Rhenanus
1106 4520 1189 4571 edidit

119 4580 181 4631 arbee
195 4582 229 4629 sit
244 4596 289 4631 ecs
305 4596 390 4631 aenam
410 4583 573 4646 concepisse,
591 4586 637 4635 de-
668 4585 710 4634 sa'a
724 4586 859 4637 erudelitas
868 4588 1021 4652 permitti-et.
1062 4600 1134 4639 vetus
1147 4603 1189 4639 aa·

120 4650 238 4710 clarasae,
253 4651 317 4698 sieut
328 4654 395 4712 apud
407 4653 551 4702 ciceronem
561 4667 636 4716 saepe
667 4653 751 4703 stituit
765 4656 885 4705 Picbena.
918 4656 964 4705 111Ι
980 4667 1008 4709 et
1025 4660 1060 4707 ed
1076 4672 1107 4721 pr
1122 4657 1148 4707 ai
1159 4656 1189 4707 aia

118 4714 319 4777 ammae,
343 4722 636 4785 strupralddisea·
668 4724 739 4771 crad.
764 4726 1036 4791 swendenspscaua.
1057 4726 1129 4777 Ean.
1163 4726 1188 4777 lt

117 4798 160 4835 aar
173 4786 262 4836 calidi.
285 4784 357 4838 Ean·
667 4790 815 4845 mdalitata'
823 4794 979 4859 paruam
