2580 5400
85 716 280 783 ·..crar
354 718 951 801 urnxvrunaca-cr.
1130 706 1235 795 reu

119 914 275 971 murnum
300 902 472 993 suscipere,
509 903 567 973 sed
586 900 622 971 in
639 904 891 995 contemplatione
916 906 1000 977 ritae
1022 932 1079 999 per
1097 911 1198 979 virtu·

119 1020 183 1075 tern
202 1022 288 1073 actas
309 1006 494 1075 desiderium
513 1005 614 1073 meriti
642 1006 761 1075 scindis
787 1008 922 1077 honestis
949 1010 1101 1083 toleraret.
1142 1016 1199 1083 illa

118 1122 222 1177 eunus
241 1110 302 1177 sibi
321 1134 442 1197 quoqne
462 1107 642 1177 destimtmn
660 1124 785 1177 mertem
805 1128 981 1199 eraserat„
1015 1138 1199 1206 manumque

117 1211 301 1301 percussmis
322 1210 470 1301 exposcit.
512 1227 578 1279 turn
595 1216 714 1290 Seneca
732 1214 851 1300 gloriae
871 1214 939 1283 eius
957 1240 1020 1285 uun
1039 1218 1197 1309 adnmus,

96 1313 210 1386 rsimul
225 1338 349 1401 amore,
379 1338 421 1387 uo
445 1314 507 1385 sibi
527 1314 616 1383 unice
635 1316 778 1385 dilectura
795 1318 838 1385 ad
856 1316 984 1387 iniurias
1002 1319 1198 1411 relinqueret,
1224 1378 1228 1383 .

113 1412 169 1439 “⁰
216 1412 285 1441 ὑὶ·

137 1432 219 1485 rrtae
272 1419 372 1505 rnquit
401 1416 628 1501 “delenimenta
660 1434 896 1495 monstraveram
922 1422 995 1508 tibi,
1033 1438 1067 1491 tu
1094 1424 1198 1494 rucrtis
1285 1433 1289 1441 ’

117 1518 212 1586 decus
240 1520 351 1589 navis.
392 1544 453 1589 non
482 1521 628 1589 invidebo
656 1524 808 1611 exemplu.
850 1522 891 1591 sit
910 1524 1002 1593 burins
1029 1540 1093 1595 taur
1109 1528 1210 1599 sortis-

118 1621 219 1689 exitus
239 1624 406 1691 constantia
425 1648 520 1713 penes
544 1640 687 1712 utrosque
707 1649 773 1715 par,
793 1626 981 1695 claritudinis
1001 1629 1071 1717 plus
1090 1628 1125 1697 in
1144 1647 1207 1701 tue.

116 1720 209 1793 line.''
252 1740 321 1815 pust
340 1750 420 1813 quae
440 1728 547 1795 eodem
567 1728 629 1797 ictu
657 1728 782 1797 brachia
812 1731 893 1797 ferra
921 1732 1095 1799 exsolvunt.
1137 1739 1199 1803 Su-
1279 1789 1282 1798 .

81 1850 209 1911 reneca,
245 1829 389 1915 quoniam
407 1830 504 1897 senile
521 1854 629 1919 cerpus
650 1846 681 1899 et
700 1854 795 1919 parve
822 1832 907 1899 rictu
933 1849 1092 1903 tenuatum
1115 1838 1210 1910 lenta,

118 1928 233 2017 effugia
248 1932 390 2019 sanguini
409 1934 585 2021 praebebat,
606 1958 726 2001 crurum
746 1958 867 2023 quoque
886 1950 918 2003 et
938 1936 1085 2025 poplitum
1101 1962 1200 2007 venas

118 2032 281 2121 abrumpit.
332 2036 494 2122 saevisque
519 2036 701 2103 cruciatibus
734 2036 891 2123 defessus,
931 2063 972 2106 nc
1009 2039 1113 2107 dclcre
1139 2068 1211 2125 suut

117 2134 251 2203 animum
272 2137 376 2205 uxoris
405 2138 584 2225 infringeret
609 2156 701 2227 atquo
726 2138 793 2228 ipsc
816 2140 943 2209 visendo
963 2141 1030 2221 eius
1050 2156 1198 2214 tormenta

117 2238 159 2307 ad
191 2238 407 2327 impatientiam
446 2242 652 2327 delaberetur,
693 2243 802 2310 suadet
838 2242 871 2307 in
907 2242 993 2311 aliud
1026 2244 1197 2315 cubiculum

83 2340 294 2411 reducerem.
337 2360 368 2413 et
387 2344 551 2412 novissimo
581 2370 702 2432 quoque
730 2360 880 2413 momento
898 2346 1110 2435 suppeditante
1130 2350 1198 2417 ele·

119 2445 259 2533 quentia,
293 2446 446 2513 advocatis
474 2447 668 2535 scriptoribus
696 2449 841 2537 pleraque
875 2449 1019 2534 tradidit,
1057 2473 1136 2536 quae
1164 2450 1198 2517 in

73 2542 231 2643 ilvulgus
253 2549 334 2615 edita
355 2550 421 2616 eius
441 2550 543 2617 verbis
563 2551 714 2617 invertere
731 2550 923 2637 supersedeo.
967 2566 999 2617 at
1014 2556 1096 2620 Nero
1113 2554 1198 2619 nullu

118 2650 152 2717 in
167 2653 326 2717 Paulinam
347 2652 466 2741 proprie
495 2653 584 2737 edio,
621 2675 658 2719 aa
677 2675 717 2717 na
737 2651 877 2739 glisceret
896 2652 1014 2722 invidia
1028 2654 1198 2721 crudelita-

119 2753 178 2838 tis,
198 2754 331 2821 inhiberi
351 2770 476 2823 nrcrtem
494 2756 633 2845 imperat.
675 2754 862 2821 lrurtantrbus
890 2751 1037 2821 militibus
1055 2756 1137 2822 servi
1157 2758 1199 2821 li·

119 2930 266 2995 acciperet]
284 2932 415 2993 legendum
430 2932 581 2996 temperaret
597 2931 641 2979 dc·
673 2945 749 2993 perro
772 2945 823 2979 nun
848 2929 894 2977 illa
916 2944 1004 2979 reeens
1027 2945 1112 2978 masur
1136 2930 1194 2995 tuit,

119 2998 196 3047 ierem
213 3006 343 3046 causeum
364 3000 497 3063 acccipere.
532 3015 557 3049 ι.
575 3002 638 3049 Oba.
674 3014 738 3063 quae
755 3014 801 3062 pru
821 3012 917 3064 parcae
935 3012 1035 3063 parum
1057 3000 1195 3062 rescripsit,

119 3068 197 3117 2²⁰.
216 3070 303 3116 Gauri.
343 3080 420 3117 reete.
438 3068 545 3116 dolorem
562 3070 640 3118 GMe.
674 3070 735 3128 sed,
753 3078 780 3117 ut
797 3068 852 3131 ipre
869 3068 976 3131 latetur,
993 3078 1074 3118 retus.
1105 3082 1196 3131 nempe

120 3136 191 3185 Ean.
225 3136 285 3197 quid
302 3136 343 3185 bic
364 3140 463 3185 turbent
487 3147 528 3185 nnt
551 3138 641 3186 reseri-
674 3137 792 3185 librarius
809 3136 944 3197 scripserat
955 3152 1045 3199 parce,
1063 3136 1122 3185 dein
1139 3151 1196 3187 cunr

121 3204 196 3264 bant,
222 3204 324 3265 nescim
359 3206 450 3253 creber
472 3214 498 3253 et
521 3208 591 3253 velut
607 3222 642 3255 et
673 3218 759 3255 rursus
776 3206 886 3269 irruperit
904 3208 1035 3266 exemplar
1053 3218 1139 3265 snunr,
1157 3206 1196 3254 vi-

120 3274 227 3322 iormnln
244 3287 326 3321 rernro
342 3284 396 3321 erut
412 3276 444 3321 dc
464 3276 564 3321 nermo
581 3274 599 3323 i.
617 3288 640 3324 e.
675 3276 712 3322 dit
734 3290 823 3339 perun.
857 3274 941 3335 itaque
964 3274 1084 3321 correxit.
1115 3276 1148 3323 ed
1164 3290 1197 3337 pr

122 3356 210 3403 magno
227 3350 253 3389 et
268 3342 396 3389 insolubili
418 3344 514 3391 delore.
550 3344 642 3392 Lucre-
674 3345 750 3391 babet
767 3358 822 3389 eum
842 3358 934 3405 parrer
967 3342 1016 3389 luit
1031 3343 1098 3391 terte
1114 3342 1141 3390 in
1157 3358 1195 3395 nu

120 3410 171 3457 tiae
188 3412 205 3457 3
221 3410 288 3457 921:
308 3417 484 3476 aeternumque
499 3410 570 3459 nulia
587 3411 641 3461 dier
675 3420 737 3459 tarn.
755 3412 826 3459 Errrr.

120 3478 190 3527 morl«
205 3494 343 3526 maerorem
359 3494 373 3525 e
386 3487 485 3543 pectore
501 3480 581 3527 tollet.
614 3480 642 3528 in
710 3482 751 3531 15.
762 3478 928 3527 abcederet}
945 3486 971 3527 et
988 3480 1038 3527 edd
1055 3488 1114 3529 ante
1126 3480 1196 3530 ltne-

120 3546 248 3609 tepirrirrus
271 3556 373 3595 aeterno
406 3546 489 3595 dolore
514 3546 640 3609 actstiaur.
675 3564 764 3597 nanurn
790 3562 882 3597 omnes.
917 3548 1051 3597 Rhenanus
1077 3550 1132 3598 en
1149 3550 1195 3597 ab·

120 3624 193 3677 rugat
210 3630 272 3677 erge
291 3630 365 3677 parco
390 3625 415 3663 et
436 3616 551 3677 modica,
579 3618 597 3667 i.
615 3631 639 3666 e.
673 3616 798 3678 uenderet,
835 3616 903 3679 qnod
927 3630 1012 3665 earnes
1030 3618 1111 3667 secuti
1128 3626 1194 3667 sunt.

121 3684 264 3745 sopientur,
283 3687 378 3732 dolere.
399 3686 473 3733 ers.
674 3687 745 3734 Eur.
779 3686 805 3733 in
822 3686 844 3731 R
863 3684 989 3739 abrade?
1020 3709 1025 3717 -

155 3753 197 3801 lt).
214 3750 304 3816 parco]
313 3754 416 3801 cuilibet
431 3752 458 3801 in
475 3762 580 3802 mentem
597 3768 641 3801 ra·
710 3756 751 3803 17.
768 3750 902 3815 inuertere]
920 3753 983 3801 meir
1000 3756 1113 3815 adeoque
1137 3752 1196 3801 allis

120 3819 174 3868 niet
187 3836 276 3883 parce.
313 3838 368 3869 rrum
389 3838 482 3884 parerer
505 3822 584 3869 victus
600 3822 641 3869 cni
674 3822 759 3871 uerbis
776 3835 888 3870 numere.
921 3822 1045 3869 irwertere
1067 3824 1135 3871 idem
1156 3830 1196 3871 ost

119 3890 239 3950 ignotus?
273 3890 357 3951 iraque
374 3905 428 3937 cum
444 3890 595 3939 lGrcncrirrr
612 3890 640 3937 in
673 3892 741 3954 quud
757 3898 921 3949 commutare,
939 3889 1094 3938 commutatis
1109 3891 1196 3941 verbis

111 3956 167 4004 Mu
184 3958 277 4005 vidisse
295 3974 324 4006 re
341 3967 443 4007 testatur
457 3968 522 4008 esset
535 3960 640 4020 primurn
674 3960 770 4020 dicere3
791 3973 839 4007 ιιοιι
856 3968 1010 4021 pervertere,
1027 3972 1194 4022 corrumpere,

120 4025 237 4087 scriptum
255 4026 332 4075 tuisse
347 4043 434 4090 porca,
452 4029 544 4077 deinde
558 4030 640 4077 deleto
673 4038 701 4077 ut
718 4028 813 4089 accepit
830 4028 979 4086 Rhenanus,
1002 4026 1045 4087 qui
1061 4037 1195 4089 propterea

120 4097 198 4145 verbo
215 4096 358 4156 inscriptum
374 4112 470 4159 parce,
501 4106 526 4145 ct
543 4095 598 4158 ipse
615 4106 641 4145 et
673 4099 781 4145 malebat
805 4096 936 4143 r'nnectere.
970 4096 1007 4143 sic
1032 4096 1113 4142 oratic
1139 4111 1196 4144 ecu-

120 4164 235 4225 Ryelrirrrr
252 4179 369 4227 recepere
381 4181 468 4227 parce.
505 4178 552 4226 ege
566 4178 640 4213 seruc
674 4182 747 4213 nerra
763 4172 789 4211 ct
806 4171 905 4211 mucra
925 4179 965 4226 ap.
989 4163 1042 4210 Cic.
1062 4163 1150 4213 Partit.
1168 4166 1217 4225 1,4

117 4246 208 4295 pnrrrc.
249 4248 306 4281 narn
334 4248 443 4295 percum
468 4234 558 4281 victum
590 4233 641 4281 dici
674 4236 694 4283 i.
720 4248 745 4282 e.
771 4233 830 4281 aliis
854 4243 929 4294 atquo
958 4232 1016 4280 eliis
1042 4233 1125 4281 uerbis
1148 4248 1195 4283 ex·

120 4316 213 4362 porse,
244 4317 289 4349 nec
314 4303 468 4350 lGrorrcriar
494 4311 581 4365 negat3
617 4312 643 4350 et
674 4317 769 4366 precra.
786 4302 856 4349 Enrr.
889 4300 1032 4363 supersideo
1047 4296 1103 4350 W.

121 4369 215 4417 dicitur
239 4372 263 4416 b.
286 4374 306 4419 1.
332 4372 420 4419 rnelirrs
444 4386 516 4433 quam
539 4386 641 4433 parcus.
711 4374 752 4420 19.
778 4366 900 4431 inirr'bcre]
932 4370 984 4436 itu,
996 4369 1090 4431 prirrrnr
1114 4367 1197 4419 edidit

122 4452 179 4485 nuru
197 4453 246 4487 rron
261 4444 341 4487 rulunr
358 4456 443 4502 perum
459 4439 511 4487 cibi
525 4440 642 4488 sumsisse
674 4439 857 4489 Freinsberniur
880 4452 896 4486 e
915 4438 1057 4485 coniectura
1073 4438 1196 4499 llbenani,

121 4506 231 4567 iudicet,
253 4510 299 4555 red
316 4509 391 4557 etiarn
407 4519 520 4625 toppum,
549 4511 640 4569 levam,
675 4508 751 4571 idque
768 4522 854 4555 ornnes
870 4505 949 4555 secuti
971 4516 1029 4553 rrrrnt
1045 4510 1196 4567 exemplum,

123 4590 138 4623 ι
161 4590 211 4639 rpro
235 4590 320 4637 parurn
352 4579 424 4624 nutrir
444 4579 492 4625 .rrti
518 4592 547 4625 ac
573 4578 643 4626 succi
664 4586 776 4640 ,praetcr-
794 4576 930 4637 liyckirrrn.
963 4576 1073 4637 imperat
1093 4578 1165 4623 abest
1180 4590 1197 4623 a

122 4646 234 4707 uenerit,
254 4654 280 4693 ut
296 4654 379 4695 noster
395 4646 449 4708 ipse
466 4656 550 4693 narrat
567 4661 642 4708 supra
675 4642 745 4693 Blila
761 4654 786 4693 et
802 4645 834 4693 ed
850 4660 889 4706 pr.
923 4643 1034 4691 iubibcri
1050 4654 1136 4694 contra
1151 4646 1197 4692 bu·

123 4728 147 4761 e.
164 4713 216 4774 tc,
238 4713 282 4763 abi
294 4714 476 4777 peramplius·
490 4716 583 4763 uictum
598 4730 642 4765 ro·
675 4716 737 4763 berrt
752 4728 836 4762 ornnes
853 4712 941 4775 scripti
965 4722 991 4762 et
1015 4713 1095 4775 editi;
1130 4714 1197 4761 audo

123 4789 181 4845 ⁰⁸⁸3
214 4782 437 4847 qniertpems,
466 4797 516 4835 non
537 4798 642 4849 percon
675 4782 949 4847 summouentem,
981 4780 1091 4845 irruperat
1113 4780 1201 4843 pedus
