2580 5400
129 744 282 811 acme)
359 742 947 811 clamaverat-74.
1121 746 1217 813 -m

94 966 97 971 ·
125 950 186 997 coc
205 926 309 995 ironis
331 942 427 994 morte
446 926 593 1017 pavidum
614 942 645 995 et
663 950 719 1017 pro
739 950 797 997 sue
814 926 1021 997 incolumitate
1048 932 1214 1022 supplicem

127 1028 281 1119 increpuit
306 1030 446 1098 Salienus
478 1032 637 1114 (ilemens,
674 1030 792 1097 hostem
821 1044 853 1099 et
876 1031 1056 1121 parricidam
1088 1056 1213 1135 roccus,

128 1134 227 1201 donec
248 1158 395 1200 consensu
414 1148 533 1222 petrum
554 1131 714 1200 deterritus
734 1148 796 1219 eet,
834 1158 876 1201 nc
895 1133 1027 1224 publicis
1046 1134 1136 1202 molis
1155 1139 1214 1204 ab·

122 1234 178 1303 uti
201 1235 240 1301 ml
262 1235 447 1302 occasionem
468 1235 580 1324 privati
607 1234 669 1303 odii
697 1236 867 1321 rideretur,
897 1259 958 1303 neu
976 1236 1142 1325 composito
1161 1253 1214 1306 sut

105 1338 302 1407 soblitteratc
322 1337 553 1405 mansuetudine
578 1338 722 1428 principio
743 1362 853 1406 novom
875 1340 915 1405 ael
936 1338 1096 1407 saeuitiam
1115 1354 1214 1409 retru-

73 1438 117 1511 tl
126 1440 225 1509 heret.
278 1454 342 1506 tum
369 1440 449 1506 rlouc
477 1454 509 1507 et
534 1456 635 1527 gretes
663 1441 728 1507 deis
758 1442 975 1526 decernuntur,
1012 1441 1212 1531 propriumque

129 1542 227 1611 honos
246 1542 312 1611 Soli
333 1542 400 1633 (cui
422 1556 469 1609 est
488 1556 579 1609 vetus
600 1544 692 1611 uedeo
712 1543 795 1633 epni
815 1543 944 1629 circum,
962 1544 997 1611 in
1018 1568 1078 1631 quo
1093 1545 1211 1615 focinus

127 1643 323 1737 parebatur),
357 1643 411 1732 qui
433 1644 548 1712 occulto
569 1645 782 1713 coniurationis
802 1644 926 1713 nurnine
951 1648 1128 1730 retexissem
1158 1661 1211 1719 ut·

91 1794 96 1807 .
124 1771 189 1837 que
209 1746 386 1815 circensium
406 1748 577 1815 cerealium
602 1747 753 1815 ludicrum
777 1748 917 1837 plurilus
947 1750 1210 1836 equorum'cursi-

88 1850 186 1919 robus
207 1851 426 1933 celebraretur,
447 1849 620 1939 neruisque
630 1850 749 1939 Aprilis
765 1852 895 1919 Neronis
916 1866 1143 1938 cognomentum
1156 1875 1209 1918 ec-

125 1954 256 2043 ciperet3
283 1953 428 2041 templum
448 1950 547 2021 Saluti
567 1968 771 2021 exstrueretur
795 1952 912 2021 coloci
940 1978 979 2020 ex
1000 1976 1060 2042 quo
1081 1954 1209 2020 Seueri·

125 2082 186 2127 nus
206 2056 318 2125 ferrum
339 2068 536 2146 prompserat.
567 2056 635 2147 ipse
654 2080 724 2125 eum
745 2055 909 2148 pugionem
929 2057 1011 2145 epurl
1025 2054 1207 2147 capitolium

125 2282 156 2317 ro
172 2276 230 2330 post
244 2266 382 2317 interiecit.
417 2266 467 2317 Dio
484 2266 519 2317 58
547 2266 589 2317 rt.
620 2266 650 2319 ln
682 2264 796 2333 autor]
822 2261 854 2322 τὸ
879 2266 1045 2318 ammam
1072 2267 1205 2329 redundet,

124 2336 238 2387 Eusebio
256 2344 337 2385 entem
355 2334 462 2385 ctoriuss
489 2336 576 2387 tuin
591 2338 649 2387 Aa·
682 2348 710 2387 nt
733 2337 829 2401 opinor.
854 2338 930 2388 ers.
972 2336 1063 2385 dubins
1086 2350 1140 2385 snn
1167 2345 1205 2382 re·

123 2420 203 2455 tram
218 2400 319 2464 Gallio,
331 2404 425 2465 frater
441 2408 557 2467 Senecae,
575 2419 649 2469 egre·
681 2421 738 2455 rnen
753 2418 836 2455 utrum
858 2404 959 2455 decreta
982 2421 1015 2453 en
1039 2402 1205 2451 decernuntur

119 2474 185 2537 gius
201 2471 372 2533 declamator,
393 2473 500 2535 propria
522 2487 550 2521 ee
573 2489 649 2522 sam
681 2476 809 2525 eboleern:
836 2488 917 2537 neque
941 2474 1006 2523 enim
1030 2473 1111 2521 minus
1135 2472 1204 2521 belle

121 2542 266 2605 interfecit,
297 2548 398 2588 morters
424 2541 476 2588 eine
498 2542 597 2589 Nerone
620 2541 648 2590 ia
679 2550 732 2591 tuan
758 2544 823 2590 dena
848 2551 873 2590 et
892 2552 984 2603 grates
1000 2541 1054 2589 deis
1071 2540 1203 2587 elmes-

122 2626 197 2661 suom
218 2609 389 2674 praesentiore
408 2607 557 2671 disserente.
598 2610 647 2659 lroc
679 2617 731 2659 tsr.
758 2614 845 2659 iinon·
879 2611 1034 2660 ltironcsins
1051 2610 1125 2656 eliter
1142 2622 1203 2657 suc-

122 2680 221 2728 conlert
245 2678 307 2725 ittrnl
332 2677 473 2725 chronicon
498 2676 523 2724 in
556 2692 646 2726 ennmn
679 2692 781 2729 currere
813 2678 909 2738 rolnit,
939 2680 1072 2740 legendum
1099 2690 1203 2726 censens

120 2750 187 2796 lronc
204 2749 310 2796 eundem
325 2760 374 2807 quo
384 2747 499 2795 Lucanus
513 2754 540 2794 et
549 2747 646 2795 Seneca
677 2754 731 2794 tneo
746 2755 830 2795 cetera
847 2746 922 2794 alona.
956 2749 1031 2793 mele.
1066 2759 1122 2791 nem
1137 2758 1202 2806 queo

120 2815 210 2867 occisi.
243 2814 331 2863 mirum
348 2813 376 2861 in
393 2813 482 2862 'l'ecito
499 2812 563 2862 nihil
579 2829 644 2876 esse,
677 2831 752 2877 supre
770 2832 793 2864 c.
810 2816 843 2863 71
867 2813 977 2863 Milicho
1000 2812 1120 2861 l’etronic
1144 2810 1201 2861 eliis

119 2885 144 2935 si
168 2892 251 2931 temen
274 2885 322 2931 troc
345 2892 457 2945 temporo
480 2895 511 2930 en
544 2885 644 2932 coedes.
678 2885 751 2943 dete,
768 2883 835 2930 dona
851 2883 937 2931 soceri
955 2897 1003 2931 non
1021 2889 1132 2944 possunt.
1158 2880 1199 2927 in·

120 2956 196 3002 ers.
238 2950 325 2999 ultima
347 2953 426 2999 verbe
450 2949 554 2999 Eusebii
578 2954 644 3000 mele
677 2953 822 3015 tellipuntnr
852 2953 919 3000 done
948 2951 997 2999 diis
1024 2951 1099 3009 dete,
1133 2961 1199 3011 quse

120 3022 217 3070 curtios.
256 3034 281 3067 r.
299 3019 426 3081 Ryckinrn
451 3022 484 3066 etl
500 3020 526 3066 lr.
548 3023 574 3080 l,
600 3020 644 3081 qui
677 3036 731 3069 cum
747 3019 930 3084 supplicatione
954 3017 1031 3082 (nem
1048 3020 1081 3067 tle
1104 3030 1135 3065 ee
1153 3031 1200 3065 ce-

120 3090 276 3151 tieltlonem,
313 3101 368 3135 curn
395 3085 498 3136 Usseric
522 3096 549 3136 et
575 3088 642 3149 eliir,
675 3090 781 3151 piendee
795 3088 904 3151 gemes)
927 3087 1064 3151 iunguntur
1085 3094 1111 3135 et
1132 3086 1199 3147 epuli

117 3168 190 3223 putet
205 3172 261 3205 esse
278 3170 333 3205 cetur
351 3155 421 3204 cuius
445 3156 471 3203 in
486 3156 557 3204 Actis
570 3157 642 3221 Apo·
675 3157 732 3205 Lis.
757 3161 792 3206 36
816 3161 842 3207 2.
893 3157 959 3204 elena
985 3164 1011 3203 et
1032 3161 1126 3215 grates
1149 3153 1200 3201 eliis

118 3226 231 3278 stol.18
256 3224 405 3273 lenonio.
433 3225 505 3272 Erre.
674 3236 748 3288 snnt,
774 3240 837 3288 qnae
861 3225 898 3273 ibi
919 3225 1034 3273 dicuntur
1049 3221 1198 3286 supplicatio

123 3326 126 3331 -
170 3292 197 3345 i.
232 3292 387 3355 compositast
420 3299 446 3340 et
484 3291 642 3341 oilt'temtart
675 3302 701 3343 et
717 3293 783 3343 dona
800 3294 837 3343 ad
859 3294 941 3343 osnm'a
954 3292 1112 3357 pulvinaria.
1154 3304 1197 3339 ce-

116 3358 220 3426 streton]
243 3375 319 3425 pravo
336 3360 470 3424 seriptum,
496 3361 564 3410 etin
582 3376 641 3410 ocn-
675 3372 753 3412 torum
772 3378 820 3411 non
837 3364 954 3412 obhorret
978 3361 1087 3422 enimus,
1109 3358 1135 3407 in
1153 3359 1196 3406 ele-

116 3432 246 3481 tunreliem
270 3428 386 3478 Neronis.
435 3431 511 3478 relic
541 3429 642 3478 scilicet
673 3440 742 3480 creta
767 3434 847 3481 lutere
876 3431 945 3479 uliud
977 3431 1095 3491 verbum,
1129 3426 1197 3489 qnos

115 3500 255 3565 principem
286 3500 403 3557 laudent,
433 3498 455 3547 si
483 3495 642 3547 obliteratam
674 3502 781 3553 nondum
797 3500 858 3549 milri
878 3497 1008 3549 succurrit.
1055 3495 1196 3562 Lipsienrun

117 3570 273 3619 clenentiam
290 3567 344 3615 eins
361 3567 459 3629 dicent,
477 3564 496 3613 i.
514 3580 538 3615 s.
557 3564 652 3615 eboli-‘
673 3567 796 3623 rationem
820 3569 957 3618 auertere
982 3568 1043 3615 licet
1070 3581 1086 3617 e
1112 3566 1146 3617 16
1170 3567 1195 3623 1,

116 3648 168 3685 tem
185 3638 352 3699 etsepultem.
379 3648 410 3683 no
426 3634 512 3682 dubita
529 3634 640 3684 scribere
673 3636 716 3684 nlri
740 3646 833 3687 temere
857 3636 968 3693 ruditum
992 3634 1116 3685 laeuone
1138 3641 1196 3695 post

117 3706 251 3769 ecssparita
279 3711 304 3752 et
331 3702 466 3751 obliterata
491 3710 639 3753 ermnu-
672 3704 779 3760 oeesslta,
811 3706 884 3755 Erus.

117 3772 176 3823 rlr'se
188 3772 321 3838 principu.
361 3773 410 3819 lrcc
425 3774 524 3820 volunt.
558 3786 590 3821 ne
608 3785 640 3819 es
706 3774 732 3822 7.
750 3772 825 3821 aedes
850 3771 921 3837 apud
944 3769 1055 3835 mor]
1088 3772 1123 3819 ‹le
1145 3783 1195 3832 que

116 3856 184 3906 queo
207 3842 338 3891 obliterare
362 3841 413 3888 iem
438 3848 522 3890 essent
537 3851 564 3888 et
580 3849 640 3887 tsn-
672 3840 781 3891 'l'ertnlt
812 3843 846 3889 do
871 3842 1027 3905 Spectaculis
1051 3837 1078 3887 8.
1118 3839 1194 3887 Lres.

115 3920 169 3962 tnrn
186 3923 235 3959 non
252 3910 335 3958 delete
352 3924 387 3958 ex
405 3910 488 3958 enimc
508 3908 638 3973 principis,
671 3919 728 3973 post
751 3909 843 3959 snenet'e
868 3924 963 3977 paupere
978 3911 1016 3957 A.
1041 3906 1086 3955 cn
1110 3916 1136 3954 et
1160 3906 1195 3957 etl

115 3982 163 4031 ttte
186 3988 334 4037 renovaret,
365 3986 390 4027 et
414 3991 495 4027 ucrse
518 3976 639 4028 saevities
671 3994 717 4042 pr,
735 3979 800 4041 quod
817 3977 914 4040 recepit
931 3975 1072 4027 Broterlns.
1095 3975 1168 4022 Enn.

115 4049 244 4100 materiem
268 4055 423 4109 suggereret.
449 4048 525 4096 ers.
571 4062 639 4095 eose-
707 4048 748 4094 12.
766 4046 838 4111 apud
844 4046 994 4110 cupientium
1010 4042 1134 4107 emovit]
1145 4043 1194 4089 ritu

112 4116 223 4184 ponium
239 4124 284 4163 out
299 4117 340 4163 eol
357 4122 380 4161 et
397 4115 555 4164 obliteratam
567 4129 639 4163 stoa·
671 4115 752 4165 rcterl
778 4124 804 4164 et
826 4124 939 4177 recepto.
982 4113 1052 4161 Suet.
1070 4113 1124 4161 Get.
1141 4109 1193 4159 tis

115 4184 272 4237 suetudinem
297 4182 383 4246 scripti
407 4192 433 4233 et
458 4184 519 4232 editi
544 4198 636 4233 omnes·
671 4190 724 4232 tres
736 4182 841 4246 gladios
856 4184 884 4232 ιἰι
898 4198 982 4231 serens
997 4196 1068 4229 wore
1080 4194 1193 4245 praepa·

115 4253 200 4317 Lipsii
225 4251 403 4302 correctionem
430 4265 551 4314 recepero
577 4251 638 4301 indo
671 4260 742 4301 rator
760 4251 847 4301 Marti
869 4250 963 4311 altori,
989 4248 1077 4297 addito
1101 4246 1194 4312 elogio,

115 4338 133 4373 s
149 4324 312 4383 Berneggero
329 4335 422 4372 omnes·
465 4320 546 4385 possis
563 4321 638 4369 etium
672 4321 833 4371 coarmavit.
866 4320 934 4369 idem
951 4318 1059 4367 Vitellio
1078 4318 1127 4367 1⁰:
1143 4330 1193 4381 prs-

116 4390 242 4443 coniiccre
265 4390 394 4439 excidisse
415 4404 459 4452 ra,
496 4405 552 4437 curn
574 4388 638 4437 scri·
669 4390 785 4453 mem,
812 4404 859 4454 peso
874 4404 901 4438 ee
920 4388 985 4436 Otlsc
1001 4385 1143 4444 occiderat,
1166 4384 1194 4434 s‘ss

116 4470 186 4525 ptnrn
210 4458 297 4507 ferisset
322 4474 370 4507 seu
397 4460 530 4523 composita
555 4474 582 4505 re
614 4462 638 4505 et
671 4458 883 4521 Affppr‘aensens
899 4455 1019 4515 colonium
1036 4455 1103 4503 mete
1116 4456 1195 4502 Mae·

116 4528 268 4589 obliterata,
283 4527 541 4577 nnsmrudtm-
554 4533 640 4575 retru-
672 4527 695 4574 n'
718 4526 891 4575 dedicandam.
941 4526 992 4574 Dio
1016 4523 1044 4572 ln
1066 4522 1194 4572 Antonino

116 4600 204 4658 leret5
228 4596 287 4645 inde
302 4595 462 4661 compositam
477 4603 503 4644 et
522 4595 640 4643 oblitern
674 4596 819 4655 Caracallo,
843 4596 878 4643 71
901 4594 951 4643 23ι
981 4592 1029 4641 ant
1053 4587 1085 4642 τὸ
1104 4592 1195 4673 ξίφος,

116 4675 172 4715 tarn
198 4666 284 4725 tecte,
316 4676 344 4713 ut
370 4666 401 4713 ed
427 4664 641 4714 mammutium
674 4658 707 4712 δι’
722 4650 754 4712 οὗ
767 4658 815 4711 τὸν
825 4656 952 4730 ἀδελφὸν
962 4654 1115 4725 ἀπεκτόνει,
1126 4673 1196 4710 urto-

118 4736 279 4785 retenentur.
304 4733 376 4783 Ere.
674 4734 766 4781 θεῖναι
782 4730 819 4795 τῷ
836 4729 893 4795 θεῷ
909 4722 1067 4797 ἐτόλμησεν.
1107 4730 1154 4780 ecel
1170 4736 1197 4777 et

153 4806 181 4853 o.
199 4802 300 4851 decreta
319 4802 386 4851 elosae
408 4809 434 4849 et
448 4816 494 4867 ge.
512 4800 539 4850 el.
557 4800 641 4851 derer-
675 4802 740 4865 epml
772 4804 883 4851 (tresoos
915 4798 1045 4865 Olympius
1067 4798 1196 4864 guma,
