2580 5400
129 702 155 740 Ι·
171 686 203 739 ⁰·
219 684 277 753 671
373 684 499 752 LlB.
525 686 620 753 XVI.
663 684 742 751 (111
763 686 883 784 1117.
905 686 958 751 18.
1138 690 1202 755 791

125 872 242 958 musis,
278 872 401 941 Rullum
430 885 532 941 antem
552 867 727 961 Grispinum
754 883 786 939 ot
804 867 947 939 Anicium
967 868 1118 939 Cerialem
1137 874 1202 943 rita

124 975 186 1043 srui
215 974 350 1043 infensos
378 974 517 1065 principi.
559 996 638 1063 quae
667 972 830 1062 composita
857 972 1054 1041 credebantur
1073 975 1112 1041 (le
1130 976 1202 1045 cri·

124 1079 231 1169 spino,
268 1078 341 1166 quia
367 1077 543 1145 interlectos
569 1092 648 1162 erat,
681 1078 720 1143 de
742 1076 879 1160 Ceriale,
914 1090 949 1141 nt
974 1073 1200 1149 interficeretur.

124 1206 224 1269 neque
244 1180 323 1248 enirn
344 1182 438 1249 multo
458 1195 527 1272 post
546 1178 611 1247 vim
629 1178 690 1247 sibi
714 1180 831 1265 attulit,
866 1177 981 1247 minore
999 1200 1090 1265 qnam
1111 1181 1201 1249 ceteri

103 1283 330 1369 amiseratione,
367 1282 439 1371 quia
465 1282 612 1371 proditam
643 1282 719 1351 Gaio
749 1281 875 1350 Caesari
902 1279 1134 1348 coniurationem
1160 1284 1200 1351 ab

73 1390 160 1458 l8eo
187 1386 393 1455 meminerant.
441 1386 480 1452 de
510 1384 588 1453 Gaio
615 1384 755 1453 Petronio
783 1408 880 1476 pauca
914 1408 1005 1473 supra
1039 1386 1202 1474 repetenda

122 1505 205 1559 suna
246 1512 316 1557 nam
336 1488 383 1555 illi
403 1488 469 1556 slies
491 1513 545 1578 per
560 1512 712 1572 sonuum,
733 1512 795 1555 nox
817 1486 925 1555 officiis
946 1501 977 1555 et
997 1488 1201 1555 obleetamen·
1281 1492 1285 1505 '

123 1592 164 1661 tis
184 1592 266 1659 vitae
286 1590 525 1679 transigebatur,
554 1608 647 1679 utque
667 1592 743 1660 alios
763 1590 928 1677 industria,
947 1590 990 1659 ita
1010 1590 1091 1657 hune
1111 1590 1201 1679 igna-

124 1694 178 1762 ria
196 1694 237 1761 atl
256 1694 367 1761 famam
394 1695 576 1782 protulerat,
612 1694 840 1785 habebaturque
868 1718 930 1762 non
958 1716 1056 1780 ganeo
1078 1708 1109 1761 et
1128 1718 1201 1783 pro·

88 1796 258 1885 telligatur,
285 1811 321 1862 nt
339 1795 476 1885 plerique
495 1819 552 1862 sna
572 1796 788 1882 haurientium,
819 1798 875 1865 sed
896 1796 1013 1863 erudito
1033 1798 1121 1866 luxu.
1164 1819 1201 1863 ae

122 1897 204 1968 dieta
230 1900 372 1985 laetaque
398 1897 464 1965 eius
492 1914 605 1987 quanto
631 1899 775 1969 solutiora
801 1912 832 1967 et
852 1899 1003 1987 quandam
1023 1900 1072 1967 sui
1092 1900 1201 1987 negle-

122 2000 256 2091 gentiam
274 2000 492 2089 praeferentia,
530 2016 614 2069 tanto
642 2002 758 2091 gratim
781 2002 815 2070 in
842 2002 973 2091 speciem
1001 2000 1200 2093 simplicitatis

121 2103 355 2195 accipiebantur.
396 2105 556 2192 proconsul
581 2120 680 2173 umen
705 2104 887 2195 Bithyniae,
926 2119 957 2172 et
984 2129 1056 2171 mox
1083 2105 1199 2190 consul,

120 2206 274 2293 uigentem
302 2232 336 2273 se
363 2228 398 2272 se
427 2230 531 2295 parem
560 2206 689 2297 negotiis
711 2208 851 2277 ostendit.
894 2208 965 2275 dein
984 2208 1139 2275 revolutus
1160 2196 1200 2275 sd

88 2307 214 2392 sevitia,
241 2332 297 2375 seu
315 2308 456 2377 uitiorum
475 2310 658 2398 imitatione,
687 2311 767 2379 inter
786 2334 898 2402 paucos
919 2309 1113 2379 familiarium
1133 2315 1200 2381 Ne·

120 2490 215 2533 natm.
240 2482 311 2531 Eas.
345 2482 475 2549 ambiguus
491 2479 547 2547 w,
563 2494 643 2536 utram
676 2488 703 2538 d.
743 2496 794 2537 tum
815 2504 901 2553 pauca
924 2504 1004 2553 supra
1029 2486 1096 2535 GM!
1120 2496 1148 2535 et
1166 2485 1198 2534 ed

119 2552 213 2601 haheat
229 2550 385 2614 particulam.
675 2568 708 2619 pr
730 2556 846 2619 aliaeque
869 2567 985 2619 ueteres,
1013 2558 1079 2619 quod
1105 2564 1199 2605 temera

154 2622 181 2671 d.
197 2620 389 2669 coniurationem
411 2619 517 2671 Aemilii
541 2620 643 2687 Lepidi,
675 2623 802 2673 inversum
824 2634 861 2673 est
886 2624 943 2674 iude
961 2640 975 2671 a
993 2626 1129 2685 Rhenum,
1156 2622 1198 2684 qui

119 2688 154 2737 de
176 2704 223 2751 qua
251 2688 385 2739 Suetonius
408 2688 464 2739 Cri.
482 2686 518 2741 21
541 2699 569 2741 et
591 2690 642 2741 nio
676 2690 714 2757 (e
730 2692 775 2757 B)
796 2692 866 2741 dedit
890 2692 921 2741 du
948 2691 1080 2743 cPrrrosio
1110 2704 1198 2754 supro.

119 2758 156 2806 19
172 2758 216 2807 22.
240 2758 317 2807 ers.
671 2774 796 2823 meur.
814 2776 835 2810 s.
852 2764 927 2811 malo.
969 2760 1033 2809 nihil
1057 2761 1090 2809 de
1106 2771 1139 2808 aa
1156 2772 1198 2807 su·

154 2826 181 2875 o'.
199 2825 230 2872 de
249 2820 399 2890 crum]
418 2838 492 2889 φοι
506 2824 555 2875 riri
572 2826 642 2875 doutl
673 2842 728 2891 pra.
750 2828 823 2877 Eas.

121 2908 178 2943 eum
199 2902 299 2943 cessem
314 2894 385 2943 errius
404 2894 542 2957 irarum·
566 2894 642 2945 hodie
709 2898 734 2946 7.
751 2896 795 2945 illi
810 2894 865 2945 dies
877 2910 927 2960 per
942 2894 1062 2956 mass]
1078 2894 1137 2943 ride
1153 2906 1197 2943 re·

120 2962 268 3024 purhoimee
284 2962 444 3026 impuritatis·
485 2964 519 3013 de
534 2976 584 3027 qna
602 2971 641 3013 at·
674 2979 728 3013 rum
744 2966 810 3013 hune
827 2964 1032 3028 advenissem,
1062 2972 1090 3013 ut
1113 2962 1197 3011 Latini

119 3030 170 3079 iam
188 3033 318 3093 delihero;
344 3031 409 3080 sieut
433 3038 459 3081 et
483 3031 515 3081 da
531 3044 641 3093 praeno-
675 3038 809 3097 appellant.
845 3032 900 3083 dias
917 3042 1002 3083 nostor
1016 3031 1056 3081 ini
1071 3040 1195 3095 nexerat,

120 3098 204 3159 miso,
220 3101 286 3162 quod
305 3102 371 3163 opud
386 3098 495 3147 Plinium
513 3100 548 3149 37
565 3102 581 3147 2
599 3098 639 3161 (7)
674 3114 700 3151 et
723 3116 775 3151 nox
798 3114 845 3165 pro
868 3102 921 3151 die.
963 3101 1069 3165 pulchre
1095 3099 1196 3150 omuino

121 3168 195 3217 Titos
218 3178 273 3227 αις
298 3170 405 3231 itemque
429 3169 589 3217 Plutarchum
612 3168 641 3217 iu
673 3168 736 3220 istos
752 3170 865 3221 homiues
879 3184 940 3220 rere
953 3182 1085 3234 perversos
1100 3168 1195 3217 aenan

120 3234 209 3285 lihello
232 3234 288 3291 suoi,
317 3225 355 3285 ἄν
379 3250 419 3293 τις
435 3232 572 3306 διακρίνοι
590 3230 640 3295 τὸν
673 3239 793 3289 describit
816 3246 843 3289 ot
865 3240 951 3301 culpat
973 3253 1015 3301 ap.
1029 3240 1079 3287 123
1096 3234 1194 3300 (121).

119 3296 224 3353 κόλακα
240 3302 290 3353 τοῦ
305 3302 388 3371 qiiou
405 3320 430 3354 e.
446 3306 481 3355 dh
497 3322 524 3369 p.
538 3306 584 3355 uu.
598 3308 640 3355 le·
672 3304 760 3357 iacet?
791 3306 871 3355 mussi
901 3315 1004 3371 tompus.
1045 3306 1115 3375 qss'es
1137 3305 1195 3355 eat?

119 3372 163 3435 qui
173 3385 218 3423 eos
228 3376 261 3423 de
270 3376 319 3422 hou
328 3374 425 3437 eodem,
434 3388 476 3423 res
488 3374 582 3423 indiolo
591 3383 638 3423 est.
672 3372 733 3437 (pro
749 3386 821 3425 noete
837 3376 946 3438 quietern
961 3375 1043 3437 dixit3
1070 3384 1144 3439 atquo
1159 3374 1194 3421 ira

119 3440 197 3491 l’llnii
212 3444 304 3492 uerba:
339 3444 411 3491 Τέω
433 3444 562 3492 Petronius
578 3458 639 3491 eos-
670 3446 753 3493 locum
768 3444 921 3507 interpretor
934 3459 963 3493 se
978 3444 1115 3507 distinguo)
1129 3458 1194 3489 saue

118 3508 212 3559 “luris
234 3509 380 3571 moriturae,
408 3508 505 3559 {mdia
531 3510 640 3561 amsa
671 3528 845 3573 exterremur,
871 3528 937 3560 ursae
957 3522 1101 3573 gestamur,
1128 3526 1195 3559 susae

115 3578 254 3643 principis,
282 3588 308 3626 ut
333 3594 443 3627 nemum
466 3580 520 3629 eiras
533 3580 639 3628 exhere-
667 3580 847 3645 prnsrdetrmtss·
882 3582 932 3628 r'om
946 3578 990 3628 lus
1002 3581 1107 3647 propius
1122 3594 1194 3627 me·

120 3644 209 3707 darn,
234 3646 338 3695 trullum
360 3646 516 3695 ssurrhr’sruss
536 3662 585 3695 nee
603 3662 637 3697 us
672 3648 731 3699 siit?
750 3658 846 3713 tempus
869 3657 906 3698 ert
929 3664 1027 3698 eaesae.
1067 3664 1097 3697 ae
1120 3650 1193 3709 plura

119 3721 227 3777 mptum
242 3715 342 3779 fregit.
382 3716 512 3765 Plutarchi
534 3706 551 3779 ἢ
576 3710 639 3771 τοὺς
670 3717 708 3765 ihi
725 3719 758 3767 de
773 3718 892 3780 lucifugis
910 3716 963 3765 illis
982 3718 1050 3767 ride.
1085 3716 1151 3763 adds
1167 3722 1192 3763 et

120 3772 241 3839 ἇσῶηας
258 3786 304 3832 καὶ
322 3782 479 3841 πολυτελεῖς
493 3783 531 3839 ε1ς
538 3799 639 3851 prospo—
670 3788 733 3834 hoec
744 3786 880 3846 Lampridii
899 3786 926 3833 in
945 3786 1049 3847 liesiog.
1068 3784 1118 3833 28:
1135 3790 1191 3831 m·

120 3846 219 3915 λογίαν
234 3866 281 3899 και
300 3849 441 3919 ῥυπαρίαν
462 3846 637 3917 interdiceres,
670 3852 729 3903 ierit
744 3860 768 3901 et
787 3852 880 3903 dierum
894 3862 965 3903 uetus
979 3852 1092 3901 socta‘brss
1108 3858 1132 3899 et
1147 3866 1192 3899 sto-

119 3912 214 3985 u'r'onrp
237 3920 352 3985 Νέρωνα
378 3920 459 3979 Τῖτος
475 3914 638 3990 Πετρώνιος.
672 3930 772 3971 stantes
788 3921 888 3981 diebus,
913 3920 1048 3970 aestimans
1063 3918 1110 3967 hoe
1125 3918 1192 3967 istos

118 3990 221 4051 reperio
236 3998 262 4038 et
278 3988 391 4039 Publiusne
407 3990 565 4052 Perusiam,
589 3989 639 4039 uisl
672 3992 835 4039 imtrumestu
859 3990 988 4052 lrsxrssu'na,
1023 3989 1061 4037 itu
1084 3996 1112 4035 at
1135 4002 1192 4036 sero

119 4058 197 4107 lailot·
204 4092 212 4120 ,
237 4058 301 4107 husie
317 4060 439 4108 eumdem.
483 4060 515 4109 de
538 4073 587 4122 quo
602 4058 638 4106 ita
673 4057 704 4107 sle
719 4074 803 4109 auerso
818 4064 935 4119 surgeret
959 4066 984 4104 es
1004 4054 1118 4105 :slatus-i
1131 4054 1191 4103 sirri-

119 4126 273 4176 Seholiastes
290 4136 361 4175 vetus
377 4126 518 4187 lrrrenalis,
534 4128 561 4175 in
574 4126 638 4175 illud
667 4134 750 4193 peret,
766 4142 840 4177 usaue
855 4134 937 4175 auteur
955 4126 1062 4175 donaris-e
1081 4124 1192 4189 inqiu-

117 4194 204 4245 11638
218 4195 265 4244 red
279 4196 374 4245 elam
388 4193 476 4244 Pastis
485 4194 551 4259 seri.
576 4198 640 4243 Pos-
670 4202 720 4245 ret.
746 4198 820 4246 ers.
853 4194 974 4245 rausum
989 4194 1043 4243 Μῑ.

114 4260 175 4323 liu,
202 4264 297 4327 inquit,
331 4262 416 4313 Publii
435 4263 547 4313 Primii
563 4260 638 4325 filiu,
707 4264 749 4313 1⁰.
766 4279 798 4313 ae
813 4266 883 4313 deest
903 4263 936 4312 B.

117 4346 194 4397 quasa
217 4334 286 4383 Naso
308 4332 444 4382 mustum
469 4328 545 4395 (lega
568 4347 639 4397 qsess
707 4335 748 4383 13.
761 4328 906 4397 prorosssulj
918 4331 955 4380 sie
966 4344 1051 4381 amnes
1062 4325 1151 4391 scripti
1167 4337 1192 4376 et

118 4400 188 4451 Nero
202 4400 345 4467 ωαυίακα)
362 4402 388 4451 r's
409 4400 511 4450 erimine
526 4402 639 4449 mumu-
671 4400 743 4450 editi.
779 4400 839 4449 side
857 4402 923 4449 ndi
949 4402 992 4449 ⁵2.
1028 4411 1088 4447 mox
1104 4394 1192 4461 uigea-

118 4468 194 4518 ts'ast's
210 4468 347 4521 damasus.
387 4484 443 4518 uam
466 4468 557 4517 l‘outia
583 4468 639 4531 qui·
671 4474 720 4517 ress
740 4469 802 4529 BG,
818 4468 967 4529 Rhenanus,
991 4482 1060 4530 seqq.
1105 4474 1130 4514 at
1148 4479 1189 4513 oe·

118 4538 176 4587 dem
194 4539 228 4587 oh
251 4540 321 4587 aliud
337 4543 418 4589 seelns
440 4551 534 4587 ueneno
557 4536 639 4587 extin-
671 4548 741 4587 terse
756 4545 855 4586 ueteres
870 4537 1006 4599 ingestas.
1034 4536 1105 4583 Eua.

119 4616 160 4655 eta
176 4616 231 4669 est,
248 4616 276 4656 ut
292 4608 371 4657 addit.
397 4609 471 4657 Lars.
503 4621 582 4671 supra
597 4622 639 4654 re·
706 4606 749 4657 15.
765 4602 1018 4669 imisasimemJoso
1035 4612 1061 4653 et
1080 4603 1130 4651 edd
1146 4617 1190 4649 ue-

115 4673 226 4739 poreuda
239 4677 336 4739 phraiss
361 4673 491 4735 Sallustii,
519 4688 566 4737 pru
589 4688 639 4737 qua
671 4683 737 4725 teres
764 4687 858 4724 omines.
906 4673 973 4722 11111ι
1003 4680 1028 4721 et
1056 4672 1190 4719 Rhenanus

119 4742 165 4791 alil
181 4745 259 4795 altius
275 4750 355 4811 repet.
395 4758 421 4795 s.
446 4742 516 4793 cort.
533 4742 566 4792 od
583 4742 637 4793 (iat.
671 4742 824 4803 isss'tuts‘aste3
840 4740 906 4805 quad
923 4740 995 4790 unice
1011 4740 1102 4803 prohat
1112 4740 1190 4789 1010-
