2580 5400
367 646 456 757 ur⁴
477 631 906 721 nsnrnarronns.
1123 652 1184 721 vn·

98 844 184 917 tiam,
204 836 325 915 Gellio,
346 832 463 899 Licinio
483 834 603 913 Macro,
628 836 752 913 aliisquo
771 858 890 914 quornm
910 840 1016 917 scripta
1036 842 1182 917 multat}

97 948 137 989 ex
157 930 196 987 lis
217 928 268 1002 qui
288 935 427 1002 superant
446 922 480 985 (i.
497 922 605 983 Gaesar
631 923 763 983 laudatur
786 927 946 1001 inprimis.
989 928 1017 986 sl
1037 937 1070 986 ut
1090 928 1182 987 diser·

98 1028 147 1073 tns
167 1024 314 1087 uenator,
346 1012 442 1070 libens
457 1012 626 1089 ¹anuntior:
662 1018 707 1069 est
723 1012 803 1089 ¹(sarim
825 1008 885 1071 eins
904 1013 960 1072 riri
980 1032 1055 1088 pura
1076 1016 1181 1091 oratio,

98 1102 164 1160 sine
183 1099 250 1159 linco
271 1117 304 1158 oc
324 1098 497 1157 calamistris
519 1106 635 1171 ornato,
662 1096 713 1155 rel
732 1092 870 1155 Romanis
890 1098 938 1156 rel
956 1096 1065 1157 Atticis
1083 1096 1183 1158 illas'is'

100 1184 279 1263 dignissima.
323 1186 369 1241 sin
397 1192 428 1241 ut
457 1183 600 1257 perlectus
628 1180 798 1259 historicus,
839 1182 967 1241 dubitare
994 1204 1042 1243 me
1075 1184 1180 1259 dicturi,

99 1292 167 1333 cum
188 1280 218 1329 et
238 1270 369 1328 nonnulli
390 1268 477 1327 fidem
498 1270 560 1327 eius
581 1270 611 1325 in
630 1264 750 1327 historia
773 1269 857 1327 cirili
878 1270 1039 1341 requirant,
1073 1279 1103 1329 et
1120 1278 1179 1329 ter·

99 1358 173 1417 timn
201 1356 275 1413 illud
303 1349 414 1435 ἠθικὸν
440 1351 492 1413 καὶ
523 1347 676 1413 πολιτικὸν
706 1362 797 1413 totum
823 1356 851 1413 ci
872 1352 957 1413 desit.
999 1356 1096 1429 itaque
1116 1358 1180 1431 ipso

100 1440 219 1516 Caesar,
240 1442 384 1517 ceteroqui
402 1441 520 1499 minimo
537 1441 582 1500 sui
600 1446 768 1515 contemtor,
792 1440 1009 1499 commentarios
1024 1441 1180 1518 inscripsit,

98 1548 157 1587 noa
177 1525 332 1602 historias,
366 1536 396 1585 et
415 1524 471 1585 hoc
490 1525 554 1601 ipso
573 1524 688 1585 laudem
707 1527 948 1600 rerammeruit,
982 1525 1180 1601 quodfalsum

99 1614 246 1675 adfectare
266 1614 444 1687 contempsit.
488 1610 546 1670 iarn
565 1632 635 1670 vero
654 1614 785 1687 princeps
806 1608 1008 1671 historicorum
1029 1609 1108 1669 audit
1125 1608 1178 1668 Ll-

99 1702 177 1759 τίω.
219 1700 247 1757 sl
267 1696 490 1775 magnitudinem
510 1699 606 1773 operis
635 1708 665 1758 et
692 1698 859 1757 varietatem
883 1718 980 1756 rermu
1010 1701 1181 1773 spectamus,

99 1796 194 1845 recte:
231 1782 283 1844 sed
312 1795 407 1843 tamen
428 1782 516 1859 (rprod
536 1802 617 1842 more
635 1784 775 1843 maiorum
796 1784 898 1853 liceat)
921 1804 938 1842 o
958 1780 1039 1841 Lirii
1059 1782 1183 1840 lectione

98 1890 215 1945 semper
234 1871 403 1929 commotior
422 1870 554 1945 mrrcxi,
579 1889 638 1928 non
656 1888 772 1945 semper
791 1870 897 1928 melior
918 1879 966 1928 aut
984 1868 1020 1927 od
1036 1870 1114 1927 ritae
1130 1868 1182 1925 crid

97 1974 152 2017 sus
173 1958 346 2015 iosmrctior.
391 1950 547 2013 Sallustius
567 1974 641 2014 unam
662 1974 701 2016 ex
722 1976 761 2015 ιιι
783 1957 854 2015 uiris
881 1955 944 2013 illis
970 1966 1023 2033 est¹
1045 1954 1097 2031 qiri
1115 1949 1181 2012 seli-¹

97 2046 172 2101 riter
191 2050 359 2101 consecutam
379 2040 492 2099 videtur
512 2039 583 2099 haec
611 2043 722 2117 omnia,
754 2052 783 2101 et
804 2060 907 2116 quem,
937 2042 963 2101 sl
991 2044 1051 2101 mci
1071 2040 1182 2101 arbitrii

98 2146 149 2187 res
169 2128 226 2203 sit,
255 2128 286 2187 in
314 2124 370 2185 hoc
395 2124 487 2185 lustro
516 2128 673 2201 priucipem
701 2136 817 2186 senatus
845 2126 976 2185 historici
1003 2128 1102 2203 leg-me
1123 2137 1182 2188 adst

96 2212 239 2273 dubitem.
281 2233 346 2271 unm
369 2214 456 2272 ceteri
477 2211 610 2287 deinceps
631 2214 773 2271 minorum
803 2215 885 2287 qumi
905 2215 1032 2291 gentiana
1052 2212 1181 2295 historici

97 2308 238 2375 quantum
257 2320 274 2357 s
295 2300 474 2373 superiorum
492 2308 601 2373 aetate,
623 2307 732 2357 tarrmm
751 2308 780 2357 et
799 2320 817 2357 a
835 2299 921 2358 laude
941 2300 1081 2360 altuenum.
1125 2300 1183 2359 nisl
1245 2298 1248 2303 ’

98 2384 177 2460 quod
201 2382 366 2443 admirabile
387 2394 430 2441 cst
451 2394 586 2457 ‹prautum
607 2386 682 2442 inter
703 2386 773 2442 istos
792 2406 865 2444 riuus
887 2386 1029 2459 excellat,
1057 2383 1182 2445 imitatur¹

100 2470 253 2542 Sallustii,
289 2466 439 2529 Cornelius
468 2467 599 2543 Tacitus,
639 2473 714 2528 omni
742 2472 848 2529 virtute
876 2474 999 2546 antiquis
1021 2475 1180 2547 proximus,

103 2557 194 2627 longo
222 2556 331 2627 quidem
360 2556 528 2627 intervallo,
552 2554 616 2613 sed
644 2566 738 2614 tamen
766 2558 931 2630 proximas:
969 2568 997 2615 et
1019 2560 1044 2615 si
1067 2560 1180 2632 linguae

102 2640 228 2699 Latinae
250 2656 320 2698 essct
340 2640 442 2699 eadem
459 2643 586 2715 puritas,
608 2654 702 2699 cetera
723 2643 765 2699 sic
785 2642 928 2714 perfectus
949 2654 981 2700 ut
997 2664 1098 2701 vocare
1114 2644 1181 2702 illos

99 2730 183 2801 ipsos
205 2729 333 2801 antiquos
354 2728 385 2784 in
405 2738 545 2783 certamen
566 2728 658 2800 possit
677 2725 833 2800 diguitatis.
877 2748 941 2785 acer
970 2730 1109 2801 scriptor,
1141 2729 1181 2787 dii

100 2815 187 2875 boui,
218 2824 246 2871 et
267 2812 407 2887 prudens3
443 2822 471 2870 et
493 2832 578 2885 quem
606 2813 631 2869 si
661 2832 787 2887 trrrqnam
817 2814 847 2869 in
875 2813 1004 2870 manilms
1035 2812 1181 2871 homimum

99 2900 213 2956 versari
233 2899 303 2956 utile
323 2899 392 2969 fuit,
418 2896 465 2955 his
487 2909 563 2955 certe
584 2900 759 2973 temporibus
783 2907 812 2955 et
831 2898 886 2956 hac
907 2918 991 2957 scena
1012 2920 1108 2956 rerum
1129 2918 1181 2957 ex·

99 2986 208 3060 perliat.
265 3004 323 3040 non
349 2984 400 3041 ille
428 2980 583 3040 Arrrtibalis
615 2984 742 3042 luuestas
768 2981 904 3043 lionmnis
932 2986 1085 3053 victorias,
1124 3006 1181 3042 non

100 3073 261 3144 speciosam
290 3067 444 3127 Lucretiae
471 3089 587 3137 necem,
625 3090 682 3127 non
714 3080 810 3128 s‘atrrm
840 3072 968 3146 prodigia
989 3083 1037 3128 aut
1059 3068 1178 3129 Etmsca

100 3166 231 3229 portenta
250 3167 395 3233 recenset,
425 3165 455 3212 et
475 3175 547 3229 qrrae
570 3156 626 3213 alia
646 3166 712 3213 srutt
733 3157 894 3214 oblectamli
915 3159 1006 3230 magis
1029 3179 1114 3230 quam
1135 3158 1179 3213 iu·

101 3241 230 3299 struendi
250 3242 380 3297 lectoris:
412 3238 460 3297 hic
480 3238 551 3298 mihi
571 3243 690 3315 ‹prisrpre
712 3243 870 3315 principum
892 3243 990 3316 audem,
1018 3245 1178 3316 principum

101 3330 265 3384 interiorem
287 3329 391 3397 vitam,
415 3327 549 3399 consilia,
573 3328 666 3401 iussa,
696 3326 769 3384 sacta
791 3327 967 3401 consideret,
997 3339 1025 3386 et
1047 3330 1128 3386 ebria
1150 3330 1179 3385 iu

100 3414 249 3487 plerisque
270 3427 433 3469 nostrorum
452 3422 612 3485 temporum
631 3412 815 3470 similitudine
834 3413 868 3470 ab
889 3413 991 3470 iisdem
1012 3417 1105 3472 causis
1128 3436 1178 3487 pa·

100 3518 148 3557 res
171 3499 266 3555 exitus
287 3500 380 3555 aniano
409 3499 573 3571 praecipiat.
618 3500 744 3555 inuenies
773 3499 825 3556 snb
858 3499 1007 3573 lyrarrnide
1039 3500 1178 3557 adulatio·

100 3604 173 3649 nes,
195 3583 368 3658 delationes,
397 3602 454 3639 non
472 3585 568 3658 ignota
587 3581 655 3640 lmic
674 3584 786 3642 saeculo
808 3585 901 3655 mala3
932 3584 1004 3642 nihil
1026 3589 1178 3655 sincerum,

99 3668 173 3727 nihil
195 3670 338 3743 simplex,
369 3677 397 3727 et
418 3688 470 3725 nec
497 3667 572 3743 oparrd
598 3672 702 3727 amicos
730 3680 819 3727 tutam
850 3669 954 3746 lidem3
987 3671 1179 3745 hequenmtas

99 3756 296 3813 accusationes
315 3755 490 3828 maiestatis,
509 3756 621 3812 triricum
644 3757 749 3812 crimen
771 3776 869 3812 eornm
887 3760 934 3829 qui
957 3760 1074 3815 crimine
1095 3775 1178 3811 raca-

102 3842 187 3913 baut;
208 3840 364 3897 caumlatas
384 3840 540 3897 illustrimu
559 3840 685 3898 virorum
700 3860 795 3915 sicces,
816 3851 844 3898 et
864 3863 962 3914 pacem
978 3844 1077 3915 «pramis
1102 3839 1178 3895 bello

99 3928 270 3983 saeviorem.
314 3926 405 3983 tristia
426 3941 464 3983 ex
485 3926 520 3981 iis
536 3926 684 3998 pleraque,
705 3926 806 4000 fateor,
827 3937 855 3984 et
874 3928 1034 4002 legentibus
1053 3936 1177 3981 rrracsta:

99 4010 154 4070 scd
183 4011 306 4086 singulis
334 4011 439 4069 uostris
463 4029 479 4067 a
508 4007 636 4068 Thrasea
663 4013 719 4068 iam
748 4014 886 4070 moriente
915 4013 1018 4069 dictum
1046 4020 1179 4083 putemus

95 4090 234 4171 uspecta,
256 4098 383 4171 iuuenis,
405 4107 433 4155 et
453 4115 536 4154 orneu
558 4094 672 4169 quidem
692 4096 720 4154 di
742 4095 928 4171 prohibeant,
951 4108 1076 4152 ceterum
1094 4096 1123 4151 iu
1145 4116 1178 4152 ea

99 4196 232 4256 tempora
253 4193 334 4239 reatris
355 4202 386 4239 es
406 4191 436 4238 ut
454 4181 567 4240 sautiare
581 4183 705 4239 animum
722 4182 855 4257 expediat
872 4181 1062 4240 constantibus
1078 4201 1180 4239 exem-

99 4262 187 4343 plis.''
237 4267 346 4325 accedit
372 4286 462 4343 gentas
498 4268 591 4341 ipsum
628 4270 766 4325 sermonis
802 4270 917 4326 minime
956 4265 1103 4324 sordidum
1133 4278 1181 4323 aut

99 4354 240 4427 sarlgare,
259 4352 421 4410 distinctum
443 4353 549 4410 crebris
570 4364 599 4409 et
620 4356 715 4411 nescio
737 4354 810 4411 unde
832 4372 870 4409 ex
891 4350 986 4409 abdito
1005 4356 1094 4410 erutis
1115 4372 1181 4411 sen·

98 4441 218 4513 tentiis,
247 4458 317 4512 (psas
337 4439 386 4497 vel
405 4439 525 4496 veritate
551 4439 598 4495 rel
619 4438 755 4496 brevitate
776 4440 867 4495 vicem
891 4438 995 4495 oraculi
1016 4440 1111 4512 possis
1133 4458 1180 4494 ac·

98 4528 210 4599 cipere.
265 4522 340 4583 baruc
368 4526 455 4599 igilur
484 4524 570 4581 talem
599 4535 762 4599 tantumque
789 4523 974 4597 scriptorem,
1012 4521 1181 4597 Imperator,

98 4612 175 4669 meis
197 4609 342 4667 laboribus
364 4630 419 4684 qua
439 4610 588 4667 meliorem
609 4630 663 4684 (pra
685 4610 872 4667 illustriorem
892 4608 1031 4666 redditam
1047 4608 1181 4682 Augusto

101 4696 212 4756 nomini
232 4705 281 4755 tuo
301 4696 452 4771 inscripsi,
480 4706 510 4753 et
529 4714 604 4768 quae
625 4698 740 4768 antiqua
762 4694 883 4752 sornmln
904 4705 1033 4752 votorum
1055 4704 1120 4769 est,
1148 4693 1183 4748 ti-
